<?xml version="1.0" encoding="UTF-8"?><collection xmlns="http://www.loc.gov/MARC21/slim"><record><leader>00519nam--2200181-i-4500</leader><controlfield tag="001">000042264</controlfield><controlfield tag="002">20161230</controlfield><controlfield tag="005">20161230201043</controlfield><controlfield tag="008">060222s1000------------r-----000-0-eng-d</controlfield><datafield ind1=" " ind2=" " tag="040"><subfield code="a">IFIN-HH</subfield></datafield><datafield ind1=" " ind2=" " tag="080"><subfield code="a">539.194</subfield></datafield><datafield ind1="1" ind2=" " tag="100"><subfield code="a">Sonnessa,Anthony J</subfield></datafield><datafield ind1="1" ind2="0" tag="245"><subfield code="a">Introduction to molecular spectroscopy</subfield><subfield code="c">Anthony j. sonnessa</subfield></datafield><datafield ind1=" " ind2=" " tag="260"><subfield code="a">New York</subfield><subfield code="b">Reinhold Publishing Corporation</subfield><subfield code="c">1966</subfield></datafield><datafield ind1=" " ind2=" " tag="300"><subfield code="a">IX + 116 P</subfield></datafield><datafield ind1=" " ind2=" " tag="490"><subfield code="a">Selected Topics In Modern Chemistry</subfield></datafield><datafield ind1=" " ind2=" " tag="852"><subfield code="a">25659</subfield><subfield code="c">539.19</subfield></datafield><datafield ind1=" " ind2=" " tag="CAT"><subfield code="a">Sys</subfield><subfield code="c">20120712</subfield><subfield code="h">140153</subfield></datafield></record></collection>